@book{balaguruswamy2013,
    author    = {E. Balaguruswamy},
    title     = {Object Oriented Programming with C++},
    year      = {2013},
    publisher = {McGraw Hill Education},
    edition   = {6th},
}

@book{pandey2010,
    author    = {Hari Mohan Pandey},
    title     = {Object-Oriented Programming C++ Simplified},
    year      = {2010},
    publisher = {S. Chand Publishing},
}

@book{acera2010,
    author    = {Miguel Ángel Acera García},
    title     = {Manual Imprescindible C},
    year      = {2010},
    publisher = {Anaya Multimedia},
}

@book{linge2016,
    author    = {Svein Linge and Hans Petter Langtangen},
    title     = {Programming for Computations - Python},
    year      = {2016},
    publisher = {Springer},
    series    = {Texts in Computational Science and Engineering},
    volume    = {15},
}

@misc{ScikitLearnExamples,
  author = {Kapumota},
  title = {Scikit-learn Examples},
  year = {2023},
  howpublished = {\\url{https://github.com/kapumota/Cuadernos/tree/6451932a21bacd84d79d284de8ad023115945f65/Scikit-learn}},
  note = {Accessed: 2024-06-28}
}
